% Encoding: UTF8
%===========================Bibliography============================================================
@BOOK{BartaVostracky,
  title = {Spínače velmi vysokého napětí},
  publisher = {SNTL/ALFA},
  year = {1983},
  author = {Bárta, K and Vostracký, Zdeněk},
  isbn = {80-03-00044-0},
  timestamp = {2011.12.17}
}

@BOOK{Bicak,
  title = {Lineární obvody a systémy},
  publisher = {nakladatelství ČVUT},
  year = {2007},
  author = {Bičák, Jan and Laipert, Miloš and Vlček, Miroslav},
  isbn = {978-80-01-03649-5},
  timestamp = {2011.08.27}
}

@BOOK{Biolek2,
  title = {Modelování a simulace v mikroelektronice},
  publisher = {VUT Brno},
  year = {2005},
  author = {Biolek, Dalibor},
  abstract = {Electrical simulation},
  timestamp = {2011.10.02},
  url = {http://user.unob.cz/biolek/vyukaVUT/skripta/PSPICE_v_kostce.pdf}
}

@BOOK{Biolek,
  title = {Řešíme elektronické obvody aneb kniha o jejich analýze},
  publisher = {BEN - technická literatura},
  year = {2004},
  author = {Biolek, Dalibor},
  volume = {1},
  pages = {520},
  isbn = {80-7300-125-X},
  timestamp = {2011.08.14}
}

@BOOK{Brabec1989,
  title = {Matematická analýza},
  publisher = {SNTL/ALFA},
  year = {1989},
  author = {Brabec, Jiří and Martan, František and Rozenský, Zdeněk},
  pages = {488},
  timestamp = {2011.12.17}
}

@BOOK{Ciganek1957,
  title = {Elektrické stroje a přístroje},
  publisher = {SNTL/ALFA},
  year = {1957},
  author = {Cigánek, Ladislav and Bauer, Miroslav}, 
  pages = {639},
  edition = {2. vydání},
  timestamp = {2013.05.26}
}

@ARTICLE{AN1559,
  author = {Chris Eckert, Ron Bax},
  title = {Practical RTD Interface Solutions},
  journal = {Application Note},
  year = {2007},
  pages = {10},
  timestamp = {2011.11.05},
  url = {http://www.national.com/an/AN/AN-1559.pdf}
}

@ARTICLE{SLUP075,
  author = {Dixon, Lloyd, H., Jr},
  title = {Current Mode Control of Switching Power Supplies},
  journal = {Unitrode},
  year = {2001},
  volume = {SLUP075},
  pages = {11},
  timestamp = {2012.06.02},
  type = {Design notes}
}

@BOOK{Dorf,
  title = {Introduction to Electric circuits},
  publisher = {John Wiley and Sons, Inc.},
  year = {1996},
  author = {Dorf, C., Richard, and Svoboda, A., James},
  pages = {1000},
  isbn = {0-471-12702-7},
  timestamp = {2012.05.26}
}

@ARTICLE{Dosla1999,
  author = {Došlá, Zuzana and Plch, Roman and Sojka, Petr},
  title = {Diferenciální počet funkcí více proměnných s programem Maple},
  journal = {XXX},
  year = {1999},
  pages = {281},
  owner = {Jaroslav Fait},
  timestamp = {2011.11.19}
}

@BOOK{Dostal,
  title = {Operační zesilovače},
  publisher = {Nakladatelství BEN},
  year = {2005},
  author = {Dostál, Jiří},
  volume = {1. vydání},
  pages = {536},
  isbn = {80-7300-049-0},
  owner = {Jaroslav Fait},
  timestamp = {2011.09.10}
}

@BOOK{Dufek1970,
  title = {Příklady z teoretické elektrotechniky},
  publisher = {SNTL},
  year = {1970},
  editor = {Kašpar František},
  author = {Dufek, Milan and Mikulec, Milan},
  pages = {380},
  date = {1970},
  owner = {Jaroslav Fait},
  timestamp = {2012.01.02}
}

@BOOK{Feynman01,
  title = {Feynmanovy přednášky z fyziky s řešenými příklady 1/3},
  publisher = {Nakladatelství Fragment},
  year = {2000},
  editor = {Štoll, Ivan},
  author = {Feynman, Richard and Leighton, Robert and Matthew, Sands},
  pages = {732},
  abstract = {První díl kompletního vydání světově proslulého kurzu fyziky Richarda
              P. Feynmana. Teoretické přednášky doplněné příklady a cvičeními.},
  isbn = {80-7200-405-0},
  timestamp = {2013.11.02}
}

@BOOK{Feynman02,
  title = {Feynmanovy přednášky z fyziky s řešenými příklady 2/3},
  publisher = {Nakladatelství Fragment},
  year = {2000},
  editor = {Štoll, Ivan},
  author = {Feynman, Richard and Leighton, Robert and Matthew, Sands},
  pages = {806},
  abstract = {Druhý díl kompletního vydání světově proslulého kurzu fyziky Richarda
              P. Feynmana. Teoretické přednášky doplněné příklady a cvičeními.},
  isbn = {80-7200-420-4},
  timestamp = {2012.05.16}
}

@BOOK{Feynman03,
  title = {Feynmanovy přednášky z fyziky s řešenými příklady 3/3},
  publisher = {Nakladatelství Fragment},
  year = {2002},
  editor = {Štoll, Ivan},
  author = {Feynman, Richard and Leighton, Robert and Matthew, Sands},
  pages = {436},
  abstract = {Třetí díl kompletního vydání světově proslulého kurzu fyziky Richarda Feynmana. 
              Teoretické přednášky doplněné příklady a cvičeními. Spoluautoři: Robert B. Leighton, 
              Matthew Sands},
  isbn = {80-7200-421-2},
  timestamp = {2013.11.02}
}

@PHDTHESIS{Hajkova2006,
  author = {Hájková, Jitka},
  title = {Matematické základy v popisu tíhového pole Země},
  school = {Západočeská univerzita v Plzni},
  year = {2006},
  owner = {Jaroslav Fait},
  timestamp = {2011.11.05}
}

@BOOK{Hammembauer,
  title = {Elektrické napájecí zdroje a akumulátory},
  publisher = {Vydavatelství ZČU},
  year = {1996},
  author = {Hammerbauer, Jiří},
  pages = {181},
  address = {Plzeň},
  abstract = {Klasické a spínací napájecí zdroje, akumulátory},
  owner = {Jarda},
  timestamp = {2012.05.11}
}

@ARTICLE{Haze,
  author = {Haze, Jiří and Vrba, Radimír and Fujcik, Lukáš and Sajdl, Ondřej},
  title = {Teorie vzájemného převodu analogového a číslicového signálu},
  journal = {skripta VUT Brno},
  year = {2010},
  pages = {139},
  owner = {Jaroslav Fait},
  timestamp = {2011.08.02},
  url = {https://www.umel.feec.vutbr.cz/MTVP/prednasky/AD_DA_scripta.pdf}
}

@BOOK{Herout,
  title = {Učebnice jazyka C},
  publisher = {Nakladatelství KOPP},
  year = {1994},
  author = {Herout, Pavel},
  pages = {269},
  address = {České Budějovice},
  abstract = {Syntaxe jazyka C},
  isbn = {80-85828-21-9},
  mendeley-tags = {Jazyk C},
  timestamp = {2012.05.14}
}

@PHDTHESIS{Horova2007,
  author = {Horová, Zuzana},
  title = {Demonstrace základních vlastností šíření vln na datech umělých družic},
  school = {Univerzita Karova v Praze Matematicko-fyzikální katedra},
  year = {2007},
  owner = {Jaroslav Fait},
  timestamp = {2011.11.05},
  url = {http://fyzweb.cz/materialy/hvizdy/hvizdy_cele.pdf}
}

@BOOK{Hradilova2010,
  title = {Fyzikální seminář},
  year = {2010},
  publisher = {VUT Brno},
  editor = {Vysoké učení technické v Brně, Fakulta elektrotechniky a komunikačních
    technologií},
  author = {Hradilová, Eva and Uhdeová, Naděžda},
  owner = {Jaroslav Fait},
  pagetotal = {142},
  timestamp = {2012.04.07}
}

@BOOK{Meyer1978,
  title = {Úvod do teorie elektrických obvodů},
  publisher = {SNTL Praha},
  year = {1978},
  author = {Meyer, Daniel},
  abstract = {elektrické obvody, analýza, syntéza, modelování},
  timestamp = {2014.02.21}
}

@BOOK{Pinker,
  title = {Mikroprocesory a mikropočítače},
  publisher = {Nakladatelství BEN},
  year = {2004},
  author = {Pinker, Jiří},
  pages = {160},
  address = {Praha},
  abstract = {Obecné principy konstrukce současných mikroprocesoru a mikropočítačů},
  isbn = {80-7300-110-1},
  timestamp = {2012.05.03}
}

@BOOK{Pinker2006,
  title = {Číslicové systémy a jazyk VHDL},
  publisher = {Nakladatelství BEN},
  year = {2006},
  author = {Pinker, Jiří; Poupa, Maritn},
  isbn = {80-7300-198-5},
  owner = {Jaroslav Fait},
  pagetotal = {352},
  timestamp = {2012.01.24}
}

@BOOK{Podlesak1994,
  title = {Spínací a číslicová technika},
  publisher = {ČVUT},
  year = {1994},
  author = {Jiří Podlešák and Petr Skalicky},
  owner = {Jarda},
  timestamp = {2012.06.02}
}

@BOOK{PolakMA1,
  title = {Matematická analýza I},
  publisher = {ZČU - FAV},
  year = {1998},
  author = {Polák, Josef},
  isbn = {80-7082-466-2},
  owner = {Jaroslav Fait},
  timestamp = {2011.09.07}
}

@BOOK{PAEE,
  title = {Principles And Applications Of Electrical Engineering},
  publisher = {McGraw Hill},
  year = {2003},
  author = {Rizzoni, Giorgio},
  pages = {956},
  booktitle = {Power},
  isbn = {0072463473},
  timestamp = {2012.05.10}
}

@BOOK{Schildt,
  title = {Nauč se sám C++},
  publisher = {SoftPress},
  year = {2001},
  author = {Herbert Schildt},
  pages = {624},
  address = {Praha},
  edition = {1},
  abstract = {Kniha je psána naprosto jasně a pochopitelně s patřičnou pozorností
    pro detaily. Začíná u základů a zahrnuje všechny podstatné rysy;
    zabývá se rovněž některými pokročilými rysy jazyka. Vše je souběžně
    dokumentováno množstvím praktických příkladů. Získané znalosti se
    průběžně ověřují a pokroky si lze ověřovat i na mnoha praktických
    cvičeních jejichž, řešení jsou uvedena v příloze na konci knihy.
    
    Třetí vydání této programátorské příručky je aktualizováno a významně
    rozšířeno s ohledem na nové prvky jazyka C++, jako jsou prostory
    jmen, s dynamická identifikace typů, operátory přetypování a knihovna
    šablon STL (Standard Template Library).
    
    Pro programátory, kteří přecházejí z jazyka C do C++, nebo i pro zkušené
    programátory C++, kteří hledají popis nových prvků jazyka, je to
    opravdu ten nejlepší způsob získání informací.},
  isbn = {80-86497-13-5},
  owner = {Jaroslav Fait},
  timestamp = {2011.07.17}
}

@BOOK{Sebesta,
  title = {Signály a soustavy},
  year = {2010},
  author = {Šebesta, Vladimír and Smékal, Zdeněk},
  pages = {155},
  address = {Brno},
  publisher = {VUT Brno},
  abstract = {Periodický signál; signály se spojiitým spektrem; systémy se spojitým
    čásem; náhodné signály se spojitým časem; analogové a číslicové signály;
    signály s diskrétním časem; diskrétní fourierova transformace; náhodné
    signály s diskrétním časem; systémy s diskrétním časem; sdělovací
    soustava a její charakteristiky; signály pro přenos v přelořženém
    pásmu},
  howpublished = {skripta},
  language = {česky},
  organization = {VUT Brno - Fakulta elektrotechniky a komunikačních tecnologií},
  owner = {Jaroslav Fait},
  timestamp = {2011.06.28}
}

@ARTICLE{AN31,
  author = {National Semiconductor},
  title = {Op Amp Circuit Collection},
  journal = {National Semiconductor},
  year = {1978},
  volume = {AN-31},
  pages = {24},
  abstract = {Op Amp Circuit Collection},
  owner = {Jaroslav Fait},
  timestamp = {2011.11.04},
  url = {http://www.national.com/an/AN/AN-31.pdf}
}

@ARTICLE{AN181,
  author = {National Semiconductor},
  title = {3-Terminal Regulator is Adjustable},
  journal = {Application Note},
  year = {1975},
  pages = {6},
  owner = {Jaroslav Fait},
  timestamp = {2011.11.05},
  url = {http://www.national.com/an/AN/AN-181.pdf}
}

@ARTICLE{AN1148,
  author = {Chester Simpson},
  title = {Linear Regulators: Theory of Operation and Compensation},
  journal = {Application Note},
  year = {2000},
  pages = {8},
  month = {may},
  owner = {Jaroslav Fait},
  timestamp = {2011.11.05},
  url = {http://www.national.com/an/AN/AN-1148.pdf}
}

@BOOK{Slavik,
  title = {Řešené příklady z fyziky - klasická fyzika},
  publisher = {ZČU Plzeň},
  year = {2002},
  author = {Slavík, Jan},
  pages = {233},
  edition = {4},
  timestamp = {2012.05.02}
}

@BOOK{Stastny2010,
  title = {FPGA prakticky - Realizace číslicových systémů pro programovatelná
    hradlová pole},
  publisher = {BEN - technická literatura},
  year = {2010},
  author = {Šťastný, Jakub},
  edition = {1. vydání},
  owner = {Jarda},
  timestamp = {2012.05.31}
}

@BOOK{Rektorys1963,
  title = {Přehled užité matematiky},
  publisher = {SNTL},
  year = {1963},
  author = {Rektorys, Karel},
  edition = {1. vydání},
  owner = {Jarda},
  timestamp = {2013.09.13}
}

@ARTICLE{Stefl2003,
  author = {Štefl, Vladimír and Krtička, Jiří},
  title = {Didaktika astrofyziky},
  journal = {XXX},
  year = {2003},
  pages = {122},
  month = {December},
  owner = {Jaroslav Fait},
  timestamp = {2011.11.19},
  url = {http://astro.physics.muni.cz/download/documents/skripta/FA090.pdf}
}

@BOOK{Okrouhlik,
  title = {Kmitání s MATLABEM},
  publisher = {Nakladatelství ČVUT},
  year = {2002},
  author = {Stejskal, Vladimír and Okrouhlík, Miloslav},
  pages = {376},
  address = {Praha},
  isbn = {80-01-02435-0},
  timestamp = {2012.05.04}
}

@INBOOK{Stoll,
  pages = {228},
  title = {Mechanika},
  publisher = {Nakladatelství ČVUT},
  year = {1995},
  author = {Štoll, Ivan},
  address = {Praha},
  booktitle = {Mechanika},
  timestamp = {2012.06.02}
}

@BOOK{Kester2004,
  title = {Analog-Digital Conversion Handbook},
  publisher = {Analog Devices},
  year = {2004},
  editor = {Analog Devices},
  author = {Walt Kester},
  pages = {1032},
  abstract = {Analog-Digital Conversion presents a comprehensive set of notes presented
    in a recent Analog Devices seminar series on data converters. In
    a digital world, A/D and D/A conversion is essential to translate
    between analog real-world physical variables and the abstract 1s
    and 0s of digital processing. The book offers a hint of its breadth,
    as well as its orientation to practical design: Data-converter history;
    Fundamentals of sampled-data systems; Data-converter architectures;
    Data-converter process technology; Testing data converters; Interfacing
    to data converters; Data-converter support circuits; Data-converter
    applications; and Hardware design techniques.},
  isbn = {9780750678414},
  owner = {Jaroslav Fait},
  timestamp = {2011.06.23},
  url = {http://www.analog.com/library/analogDialogue/archives/39-06/data_conversion_handbook.html}
}

@BOOK{Knichal,
  title = {Matematika II},
  publisher = {SNTL},
  year = {2004},
  editor = {Vilhelm, Václav and Kejla, František},
  author = {Knichal, Vladimír and Bašta, Alfons and Pišl, Milan and Rektorys,
    Karel},
  pages = {600},
  address = {Praha},
  abstract = {ortogonální doplnky, ortogonalizace, vzájemná poloha lineálu, prícky
    mimobežek, Vzdálenost bodu od nadroviny, Vlastní císla matice, gradient,
    divergence a rotace, dvojný a trojný integrál, objem pomocí trojného
    integrálu, krivkový integrál, plošný integrál, Greenova, Stokesova
    a Gaussova-Ostrogradského veta, rešení diferenciálních rovnic pomocí
    Laplaceovy transformace},
  date = {2004},
  timestamp = {2012.05.10}
}

@BOOK{Kotlan1999,
  title = {Základy teoretické elektrotechniky},
  publisher = {ZČU Plzeň},
  year = {1999},
  editor = {Fakulta elektrotechnická},
  author = {Kotlan, Jiří},
  pages = {258},
  date = {1999},
  owner = {Jaroslav Fait},
  pagetotal = {258},
  timestamp = {2012.01.02}
}

@BOOK{Kulhanek2010,
  title = {Moderní kosmologie aneb jak přednášet o kosmologii},
  publisher = {Hvězdárna Valašské Meziříčí},
  year = {2010},
  editor = {Lenža, Libor},
  author = {Kulhánek, Petr},
  date = {15. srpen},
  maintitle = {Moderní kosmologie},
  owner = {Jaroslav Fait},
  pagetotal = {64},
  subtitle = {aneb Jak přednášet o kosmologii?},
  timestamp = {2012.01.15},
  url = {http://www.aldebaran.cz/download/Kosmologie.pdf}
}

@BOOK{Kulhanek2009,
  title = {Astrofyzika v příkladech},
  publisher = {FEL ČVUT},
  year = {2009},
  editor = {FEL ČVUT},
  author = {Kulhánek, Petr and Červenka, Milan},
  owner = {Jaroslav Fait},
  pagetotal = {87},
  timestamp = {2012.03.19}
}

@BOOK{PLD_Grada,
  title = {Programovatelná logická pole},
  publisher = {Grada Publishing, spol. s.r.o.},
  year = {1993},
  author = {Líška, Miroslav and Šula, Vladimír and Strelec, Josef},
  pages = {456},
  isbn = {80-85623-26-9},
  owner = {Jaroslav Fait},
  timestamp = {2011.10.27}
}

@ARTICLE{SLUA119,
  author = {Mammano, Robert},
  title = {Switching Power Supply Topology Voltage Mode vs. Current Mode},
  journal = {Unitrode},
  year = {1999},
  volume = {DN-62},
  pages = {4},
  timestamp = {2011.08.17},
  type = {Design notes}
}

@BOOK{Mayer2001,
  title = {Teorie elektromagnetického pole},
  publisher = {Západočeská univerzita v Plzni},
  year = {2001},
  editor = {Benešová, Zdeňka},
  author = {Mayer, Daniel},
  date = {listopad},
  owner = {Jaroslav Fait},
  pagetotal = {355},
  timestamp = {2012.01.15}
}

@BOOK{Mayer1975,
  title = {Úvod do teorie elektrických obvodů},
  publisher = {Západočeská univerzita v Plzni},
  year = {1975},
  author = {Mayer, Daniel},
  date = {listopad},
  owner = {Jaroslav Fait},
  pagetotal = {355},
  timestamp = {2012.10.29}
}

@ARTICLE{DS41285A,
  author = {Microchip},
  title = {3V Tips ‘n Tricks},
  journal = {Microchip},
  year = {2006},
  volume = {DS41285A},
  pages = {56},
  owner = {Jarda},
  timestamp = {2012.12.20}
}

@ARTICLE{MosnaMA3,
  author = {Mošna, František},
  title = {Řešené příklady z Matematiky III},
  journal = {XXX},
  year = {2007},
  month = {October},
  note = {příklady},
  owner = {Jaroslav Fait},
  timestamp = {2011.11.05}
}

@BOOK{Musil2002,
  title = {Návrh digitálních integrovaných obvodů a jazyk VHDL},
  publisher = {VUT Brno},
  year = {2002},
  editor = {VUT Brno},
  author = {Musil, Vladislav and Kolouch, Jaromír and Prokop, Roman},
  owner = {Jaroslav Fait},
  timestamp = {2012.12.20}
}

@BOOK{Musil2002,
  title = {Návrh digitálních integrovaných obvodů a jazyk VHDL},
  publisher = {VUT Brno},
  year = {2002},
  editor = {VUT Brno},
  author = {Musil, Vladislav and Kolouch, Jaromír and Prokop, Roman},
  owner = {Jaroslav Fait},
  timestamp = {2012.12.20}
}

@ARTICLE{DN100,
  author = {Nelson, Carl},
  title = {Dual Output Regulator Uses Only One Inductor},
  journal = {Linear Technology},
  year = {2008},
  volume = {DN-100},
  pages = {6},
  date = {2008-01-01},
  timestamp = {2011.09.15},
  url = {http://cds.linear.com/docs/Design Note/dn100.pdf}
}

@BOOK{Neumann,
  title = {Elektronické obvody a funkční bloky 2},
  publisher = {Vydavatelství ČVUT},
  year = {2001},
  author = {Neumann, Přemek and Uhlíř, Jan},
  pages = {269},
  address = {Praha},
  abstract = {Elektronické analogové a analogově číslicové funkční bloky, vnitřní
    struktury analogových funkčních bloků, obvody integrovaných logických
    členů, operační sítě, fázové závěsy},
  isbn = {80-01-02394-X},
  timestamp = {2010.04.15}
}

@BOOK{Patocka,
  title = {Napájení elektronických zařízení},
  publisher = {VUT Brno},
  year = {1999},
  editor = {Vysoké učení technické, Fakulta elektrotechniky a komunikačních technologií,
    Ústav radioelektroniky},
  author = {Novotný, Vlastislav and Vorel, Pavel and Patočka, Miroslav},
  pages = {139},
  address = {Brno},
  abstract = {Autonomní způsoby napájení (články primární a sekundární), Zvláštní
    zdroje energie (palivové články, fotovoltaické články, termoelektrické
    články, atomové články), Neřízené usměrňovače s nesetrvačnou i setrvačnou
    zátěží, Stabilizace střídavého výkonu, Lineární stabilizátory nelineární
    a lineární, Lineární stabilizátory proudu, Impulzní stabilizátory,
    snižující měnič, Zvyšující,invertující a Čukův měnič, Impulzní regulované
    napájecí zdroje - úvod, Propustný měnič, můstkový měnič, Blokující
    měnič, měniče rezonanční, Materiálové problémy impulzních zdrojů,
    Referenční zdroje},
  date = {1999},
  isbn = {8021423005, 9788021423008},
  mendeley-tags = {Skripta},
  origlanguage = {Czech},
  timestamp = {2009.04.07}
}

@BOOK{Patocka2,
  title = {Řídicí elektronika - pasivní obvody 1.díl},
  publisher = {VUT Brno},
  year = {2004},
  author = {Patočka, Miroslav and Vorel, Pavel},
  volume = {1},
  pages = {106},
  comment = {skripta},
  owner = {Jaroslav Fait},
  timestamp = {2011.10.08}
}

@BOOK{Patocka3,
  title = {Řídicí elektronika - pasivní obvody 2.díl},
  publisher = {VUT Brno},
  year = {2004},
  author = {Patočka, Miroslav and Vorel, Pavel},
  volume = {2},
  pages = {154},
  owner = {Jaroslav Fait},
  timestamp = {2011.10.08}
}

@book{Patocka4,
  title={Magnetické jevy a obvody ve výkonové elektronice, měřicí technice a silnoproudé elektrotechnice},
  author={Patočka, M.},
  isbn={9788021440036},
  url={http://books.google.cz/books?id=FitaMwEACAAJ},
  year={2011},
  pages = {564},
  publisher={VUTIUM}
}

@ARTICLE{AN240,
  author = {Tinus van de Wouw, Todd Andersen},
  title = {Interfacing 3V and 5V applications},
  journal = {Philips Semiconductors},
  year = {1995},
  volume = {AN240},
  pages = {11},
  month = {September},
  owner = {Jaroslav Fait},
  timestamp = {2011.11.05},
  url = {http://www.nxp.com/documents/application_note/AN240.pdf}
}

@BOOK{Trnka1972,
  title = {Teoretická elektrotechnika},
  publisher = {Nakladatelství technické literatury Praha},
  year = {1972},
  author = {Trnka, Zdeněk},
  pages = {410},
  owner = {Jaroslav Fait},
  pagetotal = {410},
  timestamp = {2012.03.19}
}

@BOOK{Sovka,
  title = {Číslicové zpracování signálů},
  publisher = {Nakladatelství ČVUT},
  year = {2002},
  author = {Uhlíř, Jan and Sovka, Pavel},
  pages = {327},
  abstract = {Číslicové zpracování signálů, signály, MATLAB},
  isbn = {80-01-02613-2},
  timestamp = {2012.05.03}
}

@BOOK{Suchanek1980,
  title = {Silnoproudá elektrotechnika v automatizi},
  publisher = {SNTL Praha},
  year = {1980},
  author = {Suchánek, Vladimír},
  pages = {335},
  edition = {2. vydání},  
  timestamp = {2012.05.26}
}

@ARTICLE{SLUA110,
  author = {Unitrode},
  title = {Practical Considerations in Current Mode Power Supplies},
  journal = {Unitrode},
  year = {1999},
  volume = {U-111},
  pages = {19},
  timestamp = {2012.06.01},
  type = {Design notes}
}

@BOOK{Zahlava2001,
  title = {Elektronika součástky a obvody, principy a příklady},
  publisher = {Grada Publishing, spol. s.r.o.},
  year = {2001},
  author = {Vobecký, Jan and Záhlava, Vít},
  pages = {192},
  address = {Praha},
  edition = {2. vydání},
  isbn = {80-7169-884-9},
  timestamp = {2012.05.30}
}

@TECHREPORT{Bennett,
  author = {W.R.Bennet},
  title = {Spectra of Quantized Signals},
  institution = {Bell Labs},
  year = {1948},
  type = {Bell System Technical Journal},
  month = {July},
  owner = {Jaroslav Fait},
  timestamp = {2011.06.27}
}

@BOOK{Wakerly1999,
  title = {Digital Design Principles and Practices},
  publisher = {PRENTICE HALL},
  year = {1999},
  author = {John F. Wakerly},
  pages = {830},
  isbn = {0-13-173349-4},
  owner = {Jaroslav Fait},
  timestamp = {2012.02.25},
  url = {http://www.genie53.com/digital_design-third_edition.pdf}
}

@BOOK{Zehnula1983,
  title = {Snímače neelektrických veličin},
  publisher = {SNTL},
  year = {1983},
  author = {Zehnula, Karel},
  pages = {372},
  owner = {Jarda},
  timestamp = {2012.07.28}
}

@ARTICLE{ZindulkaMA3,
  author = {Zindulka, Ondřej},
  title = {Matematika 3},
  journal = { },
  year = {2007},
  pages = {155},
  owner = {Jaroslav Fait},
  timestamp = {2011.11.05},
  url = {http://mat.fsv.cvut.cz/zindulka/default_en.html}
}

@ARTICLE{Zidek-2002-ID60,
  author = {Žídek, Jan},
  title = {Grafické programování ve vývojovém prostředí LabVIEW},
  journal = { },
  year = {2002},
  pages = {215},
  owner = {Jaroslav Fait},
  timestamp = {2013.07.20}
}

@ARTICLE{Kodovsky2011,
  author = { },
  title = {Jeff Kodosky Predicts an Exciting Future for LabVIEW},
  journal = {NI-Instrumentation Newsletter 1396},
  year = {2011},
  pages = {2},
  owner = {Jaroslav Fait},
  timestamp = {2013.07.20}
}

