@misc{SPOF,
 title={Definition Single Point of Failure},
 url={https://en.wikipedia.org/wiki/Single_point_of_failure},
 note={(Date last accessed 11-August-2017)},
 }

@BOOK{Rastocny2013,
  author = {Rástočný, Karol and Ždánsky, Juraj},
  title = {Riadiace systémy so safety PLC},
  year = {2013},
  pages = {203},
  publisher = {VÚŽ Praha},
  owner = {Jaroslav Fait},
  timestamp = {2017.05.03},
  url = {http://librarian/stable.php?id=261}
}

