% Encoding: UTF8
%===========================Bibliography============================================================
@ARTICLE{AN1559,
  author = {Chris Eckert and Ron Bax},
  title = {Practical RTD Interface Solutions},
  journal = {Application Note},
  year = {2007},
  pages = {10},
  timestamp = {2011.11.05},
  url = {http://www.national.com/an/AN/AN-1559.pdf}
}


@STANDARD{IPC2152,
  author = {Association Connecting Electronics Industries},
  title = {IPC-2152 Standard for Determining Current-carrying Capacity in Printed Board Design 
  Released},
  type = {IPC},
  number = {IPC 2152:2009},
  year = {2009},
  url = {http://librarian/stable.php?id=515}
}

@ARTICLE{AN31,
  author = {National Semiconductor},
  title = {Op Amp Circuit Collection},
  journal = {National Semiconductor},
  year = {1978},
  volume = {AN-31},
  pages = {24},
  abstract = {Op Amp Circuit Collection},
  owner = {Jaroslav Fait},
  timestamp = {2011.11.04},
  url = {http://www.national.com/an/AN/AN-31.pdf}
}

@ARTICLE{slyw038b,
  author = {Texas Instruments},
  title = {Analog Engineer’s Pocket Reference},
  journal = {Texas Instruments - Pocket Reference},
  year = {2015},
  volume = {slyw038b},
  pages = {101},
  abstract = {OPAMP / ADC / DAC / Wire},
  owner = {Jaroslav Fait},
  timestamp = {2017.14.06},
  url = {http://librarian/stable.php?id=434}
}

@book{sloss2004arm,
  title={ARM System Developer's Guide: Designing and Optimizing System Software},
  author={Sloss, A. and Symes, D. and Wright, C.},
  isbn={9780080490496},
  series={The Morgan Kaufmann Series in Computer Architecture and Design},
  url={http://localhost/librarian/stable.php?id=234},
  year={2004},
  publisher={Elsevier Science}
}

@book{calda2008matematika,
  title={Matematika pro gymnázia: Kombinatorika, pravděpodobnost, statistika},
  author={Calda, E. and Dupač, V. and Jednota českých matematiků a fyziků},
  isbn={9788071963653},
  series={Učebnice pro střední školy},
  url={https://books.google.cz/books?id=HE4lPwAACAAJ},
  year={2008},
  publisher={Prometheus}
}

@book{polak1991matematika,
  title={Přehled středoškolské matematiky},
  author={Polák, J.},
  isbn={80-85849-78-X},
  series={Učebnice pro střední školy},
  year={1991},
  publisher={Prometheus}
}


@BOOK{Webvision,
  author = {Kolb, Helga and Nelson, Ralph and Fernandez, Eduardo and  William, Jones Bryan},
  title = {Webvision: The Organization of the Retina and Visual System},
  journal = {Webvision},
  year = {2016},
  owner = {Jaroslav Fait},
  timestamp = {2016.04.02},
  url = {http://webvision.med.utah.edu/}
}

@ARTICLE{AN181,
  author = {National Semiconductor},
  title = {3-Terminal Regulator is Adjustable},
  journal = {Application Note},
  year = {1975},
  pages = {6},
  owner = {Jaroslav Fait},
  timestamp = {2011.11.05},
  url = {http://www.national.com/an/AN/AN-181.pdf}
}

@ARTICLE{AN1148,
  author = {Chester Simpson},
  title = {Linear Regulators: Theory of Operation and Compensation},
  journal = {Application Note},
  year = {2000},
  pages = {8},
  month = {may},
  owner = {Jaroslav Fait},
  timestamp = {2011.11.05},
  url = {http://www.national.com/an/AN/AN-1148.pdf}
}

@ARTICLE{AN240,
  author = {Tinus van de Wouw and Todd Andersen},
  title = {Interfacing 3V and 5V applications},
  journal = {Philips Semiconductors},
  year = {1995},
  volume = {AN240},
  pages = {11},
  month = {September},
  owner = {Jaroslav Fait},
  timestamp = {2011.11.05},
  url = {http://www.nxp.com/documents/application_note/AN240.pdf}
}

@ARTICLE{SLUP075,
  author = {Dixon, Lloyd, H., Jr},
  title = {Current Mode Control of Switching Power Supplies},
  journal = {Unitrode},
  year = {2001},
  volume = {SLUP075},
  pages = {11},
  timestamp = {2012.06.02},
  type = {Design notes}
}

@ARTICLE{Stefl2003,
  author = {Štefl, Vladimír and Krtička, Jiří},
  title = {Didaktika astrofyziky},
  journal = {XXX},
  year = {2003},
  pages = {122},
  month = {December},
  owner = {Jaroslav Fait},
  timestamp = {2011.11.19},
  url = {http://astro.physics.muni.cz/download/documents/skripta/FA090.pdf}
}

@BOOK{Chudacek2005,
  author = {Chudáček, Václav},
  title = {Železniční zabezpečovací technika},
  year = {2005},
  pages = {145},
  publisher = {VÚŽ Praha},
  owner = {Jaroslav Fait},
  timestamp = {2017.05.03},
  url = {http://www.zabzar.cz/node/6}
}

@BOOK{Svarc1986,
  title = {Základy technické kybernetiky},
  publisher = {VUT Brno},
  year = {1986},
  author = {Švarc, Ivan},
  timestamp = {2015.11.05}
}

@BOOK{BartaVostracky,
  title = {Spínače velmi vysokého napětí},
  publisher = {SNTL/ALFA},
  year = {1983},
  author = {Bárta, K and Vostracký, Zdeněk},
  isbn = {80-03-00044-0},
  timestamp = {2011.12.17}
}

@book{Basso2008,
author = {Basso, Christophe},
title = {Switch-Mode Power Supplies  SPICE Simulations and Practical Designs},
year = {2008},
file = {FULLTEXT:C:\Users\jaros\Documents\www\Librarian\library\00262.pdf:PDF}
}

@BOOK{Bicak,
  title = {Lineární obvody a systémy},
  publisher = {nakladatelství ČVUT},
  year = {2007},
  author = {Bičák, Jan and Laipert, Miloš and Vlček, Miroslav},
  isbn = {978-80-01-03649-5},
  timestamp = {2011.08.27}
}

@BOOK{Biolek2,
  title = {Modelování a simulace v mikroelektronice},
  publisher = {VUT Brno},
  year = {2005},
  author = {Biolek, Dalibor},
  abstract = {Electrical simulation},
  timestamp = {2011.10.02},
  url = {http://user.unob.cz/biolek/vyukaVUT/skripta/PSPICE_v_kostce.pdf}
}

@BOOK{Biolek,
  title = {Řešíme elektronické obvody aneb kniha o jejich analýze},
  publisher = {BEN - technická literatura},
  year = {2004},
  author = {Biolek, Dalibor},
  volume = {1},
  pages = {520},
  isbn = {80-7300-125-X},
  timestamp = {2011.08.14}
}

@BOOK{Brabec1989,
  title = {Matematická analýza},
  publisher = {SNTL/ALFA},
  year = {1989},
  author = {Brabec, Jiří and Martan, František and Rozenský, Zdeněk},
  pages = {488},
  timestamp = {2011.12.17}
}

@BOOK{Ciganek1957,
  title = {Elektrické stroje a přístroje},
  publisher = {SNTL/ALFA},
  year = {1957},
  author = {Cigánek, Ladislav and Bauer, Miroslav}, 
  pages = {639},
  edition = {2. vydání},
  timestamp = {2013.05.26}
}

@BOOK{Dorf,
  title = {Introduction to Electric circuits},
  publisher = {John Wiley and Sons, Inc.},
  year = {1996},
  author = {Dorf, C., Richard, and Svoboda, A., James},
  pages = {1000},
  isbn = {0-471-12702-7},
  timestamp = {2012.05.26}
}

@ARTICLE{Dosla1999,
  author = {Došlá, Zuzana and Plch, Roman and Sojka, Petr},
  title = {Diferenciální počet funkcí více proměnných s programem Maple},
  journal = {XXX},
  year = {1999},
  pages = {281},
  owner = {Jaroslav Fait},
  timestamp = {2011.11.19}
}

@BOOK{Dostal,
  title = {Operační zesilovače},
  publisher = {Nakladatelství BEN},
  year = {2005},
  author = {Dostál, Jiří},
  volume = {1. vydání},
  pages = {536},
  isbn = {80-7300-049-0},
  owner = {Jaroslav Fait},
  timestamp = {2011.09.10}
}

@BOOK{Dufek1970,
  title = {Příklady z teoretické elektrotechniky},
  publisher = {SNTL},
  year = {1970},
  editor = {Kašpar, František},
  author = {Dufek, Milan and Mikulec, Milan},
  pages = {380},
  owner = {Jaroslav Fait},
  timestamp = {2012.01.02}
}

@BOOK{Feynman01,
  title = {Feynmanovy přednášky z fyziky s řešenými příklady 1/3},
  publisher = {Nakladatelství Fragment},
  year = {2000},
  editor = {Štoll, Ivan},
  author = {Feynman, Richard and Leighton, Robert and Matthew, Sands},
  pages = {732},
  abstract = {První díl kompletního vydání světově proslulého kurzu fyziky Richarda
              P. Feynmana. Teoretické přednášky doplněné příklady a cvičeními.},
  isbn = {80-7200-405-0},
  url={http://librarian/stable.php?id=458},
  timestamp = {2013.11.02}
}
       Feynman02
@BOOK{Feynman02,
  title = {Feynmanovy přednášky z fyziky s řešenými příklady 2/3},
  publisher = {Nakladatelství Fragment},
  year = {2000},
  editor = {Štoll, Ivan},
  author = {Feynman, Richard and Leighton, Robert and Matthew, Sands},
  pages = {806},
  abstract = {Druhý díl kompletního vydání světově proslulého kurzu fyziky Richarda
              P. Feynmana. Teoretické přednášky doplněné příklady a cvičeními.},
  isbn = {80-7200-420-4},
  url={http://librarian/stable.php?id=250},
  timestamp = {2012.05.16}
}

@BOOK{Feynman03,
  title = {Feynmanovy přednášky z fyziky s řešenými příklady 3/3},
  publisher = {Nakladatelství Fragment},
  year = {2002},
  editor = {Štoll, Ivan},
  author = {Feynman, Richard and Leighton, Robert and Matthew, Sands},
  pages = {436},
  abstract = {Třetí díl kompletního vydání světově proslulého kurzu fyziky Richarda Feynmana. 
              Teoretické přednášky doplněné příklady a cvičeními. Spoluautoři: Robert B. Leighton, 
              Matthew Sands},
  isbn = {80-7200-421-2},
  url={http://librarian/stable.php?id=459},
  timestamp = {2013.11.02}
}

@PHDTHESIS{Hajkova2006,
  author = {Hájková, Jitka},
  title = {Matematické základy v popisu tíhového pole Země},
  school = {Západočeská univerzita v Plzni},
  year = {2006},
  owner = {Jaroslav Fait},
  timestamp = {2011.11.05}
}

@book{Havrankova1995,
  title={Úvod do fyziky v řešených příkladech},
  author={Havránková, Eva and Janout, Zdeňek, and Štoll, Ivan},
  isbn={80-01-02420-2},
  year={1995},
  pages = {99},
  publisher={Nakladatelství ČVUT}
}

@book{Subrt2002,
  title={Mikrokontroléry ATMEL AVR - vývoj aplikací},
  author={Šubrt, Vladimír},
  isbn={80-7300-055-5},
  year={2002},
  url={f:\Library\KAE_Katedra_Aplikovane_Elektroniky\CES\AVR aplikace\Mikrokontroléry Atmel AVR - 
  vývoj aplikací, Vladimír Šubrt, BEN2002.pdf},
  pages = {96},
  publisher={BEN - technická literatura}
}

@book{Lanicek1998,
  title={Elektronika: Obvody.Součástky. Děje},
  author={Láníček, Robert},
  isbn={80-86056-25-2},
  url={https://books.google.cz/books?id=waDzAAAACAAJ},
  year={1998},
  pages = {479},
  publisher={BEN-technická literatura}
}

@BOOK{Hammembauer,
  title = {Elektrické napájecí zdroje a akumulátory},
  publisher = {Vydavatelství ZČU},
  year = {1996},
  author = {Hammerbauer, Jiří},
  pages = {181},
  address = {Plzeň},
  abstract = {Klasické a spínací napájecí zdroje, akumulátory},
  owner = {Jarda},
  timestamp = {2012.05.11}
}

@ARTICLE{Haze,
  author = {Haze, Jiří and Vrba, Radimír and Fujcik, Lukáš and Sajdl, Ondřej},
  title = {Teorie vzájemného převodu analogového a číslicového signálu},
  journal = {skripta VUT Brno},
  year = {2010},
  pages = {139},
  owner = {Jaroslav Fait},
  timestamp = {2011.08.02},
  url = {https://www.umel.feec.vutbr.cz/MTVP/prednasky/AD_DA_scripta.pdf}
}

@ARTICLE{Elrev2005trafo,
  author = {Stupka, Radek and Patočka, Miroslav},
  title = {Lineární model vf. impulsního transformátoru napětí },
  journal = {Electrorevue},
  year = {2005},
  pages = {17},
  owner = {Jaroslav Fait},
  timestamp = {2005.06.03}
}

@BOOK{Herout,
  title = {Učebnice jazyka C},
  publisher = {Nakladatelství KOPP},
  year = {1994},
  author = {Herout, Pavel},
  pages = {269},
  address = {České Budějovice},
  abstract = {Syntaxe jazyka C},
  isbn = {80-85828-21-9},
  url = {http://localhost/stable.php?id=507},
  timestamp = {2012.05.14}
}

@book{Yiu-2010-ID237,
  author    = {Yiu, Joseph},
  title     = {The definitive guide to {ARM} Cortex-M3},
  year      = {2010},
  pages     = {531},
  doi       = {10.1016/B978-0-12-382091-4.00007-4},
  publisher = {Newnews},
  url       = {http://librarian/stable.php?id=237}
}


@PHDTHESIS{Horova2007,
  author = {Horová, Zuzana},
  title = {Demonstrace základních vlastností šíření vln na datech umělých družic},
  school = {Univerzita Karova v Praze Matematicko-fyzikální katedra},
  year = {2007},
  owner = {Jaroslav Fait},
  timestamp = {2011.11.05},
  url = {http://fyzweb.cz/materialy/hvizdy/hvizdy_cele.pdf}
}

@BOOK{Hradilova2010,
  title = {Fyzikální seminář},
  year = {2010},
  publisher = {VUT Brno},
  editor = {Vysoké učení technické v Brně, Fakulta elektrotechniky a komunikačních technologií},
  author = {Hradilová, Eva and Uhdeová, Naděžda},
  owner = {Jaroslav Fait},
  pagetotal = {142},
  timestamp = {2012.04.07}
}

@BOOK{Halliday2001,
  title = {Fyzika - Vysokoškolská učebnice obecné fyziky},
  year = {2001},
  publisher = {VUTIUM},
  editor = {Vysoké učení technické v Brně, Nakladatelství VUTIUM a PROMETHEUS Praha},
  author = {Halliday, David and Resnick, Robert and Walker, Jearl},
  owner = {Jaroslav Fait},
  isbn = {80-214-1869-9},
  pagetotal = {1200},
  timestamp = {2012.04.07}
}

@BOOK{Srovnal2008,
  title = {Kybernetika},
  year = {2008},
  publisher = {VUT Ostrava},
  editor = {Vysoká škola báňská, Technická univerzita Ostrava},
  author = {Srovnal, Vilém},
  owner = {Jaroslav Fait},
  pagetotal = {251},
  timestamp = {2015.11.08}
}

@BOOK{Tuma2001,
  title = {Automatické řízení 1},
  year = {2001},
  publisher = {ZČU Plzeň},
  editor = {Fakulta aplikovaných věd},
  author = {Srovnal, Vilém},
  owner = {Jaroslav Fait},
  isbn = {80-7082-714-9},
  pagetotal = {251},
  timestamp = {2015.11.08}
}

@BOOK{Kester2004,
  title = {Analog-Digital Conversion Handbook},
  publisher = {Analog Devices},
  year = {2004},
  editor = {Analog Devices},
  author = {Walt Kester},
  pages = {1032},
  abstract = {Analog-Digital Conversion presents a comprehensive set of notes presented
    in a recent Analog Devices seminar series on data converters. In
    a digital world, A/D and D/A conversion is essential to translate
    between analog real-world physical variables and the abstract 1s
    and 0s of digital processing. The book offers a hint of its breadth,
    as well as its orientation to practical design: Data-converter history;
    Fundamentals of sampled-data systems; Data-converter architectures;
    Data-converter process technology; Testing data converters; Interfacing
    to data converters; Data-converter support circuits; Data-converter
    applications; and Hardware design techniques.},
  isbn = {9780750678414},
  owner = {Jaroslav Fait},
  timestamp = {2011.06.23},
  url = {http://www.analog.com/library/analogDialogue/archives/39-06/data_conversion_handbook.html}
}

@BOOK{Knichal,
  title = {Matematika II},
  publisher = {SNTL},
  year = {2004},
  editor = {Vilhelm, Václav and Kejla, František},
  author = {Knichal, Vladimír and Bašta, Alfons and Pišl, Milan and Rektorys,
    Karel},
  pages = {600},
  address = {Praha},
  abstract = {ortogonální doplnky, ortogonalizace, vzájemná poloha lineálu, prícky
    mimobežek, Vzdálenost bodu od nadroviny, Vlastní císla matice, gradient,
    divergence a rotace, dvojný a trojný integrál, objem pomocí trojného
    integrálu, krivkový integrál, plošný integrál, Greenova, Stokesova
    a Gaussova-Ostrogradského veta, rešení diferenciálních rovnic pomocí
    Laplaceovy transformace},
  timestamp = {2012.05.10}
}

@BOOK{stoll2012,
  title = {Elektřina a magnetizmus},
  publisher = {Karolinum},
  year = {2012},
  author = {Sedlák, Bedřich and Štoll, Ivan},
  pages = {600},
  address = {Praha},
  isbn={978-80-246-2198-2},
  timestamp = {2017.01.27}
}

@BOOK{Kotlan1999,
  title = {Základy teoretické elektrotechniky},
  publisher = {ZČU Plzeň},
  year = {1999},
  editor = {Fakulta elektrotechnická},
  author = {Kotlan, Jiří},
  pages = {258},
  owner = {Jaroslav Fait},
  pagetotal = {258},
  timestamp = {2012.01.02}
}

@BOOK{Kulhanek2010,
  title = {Moderní kosmologie aneb jak přednášet o kosmologii},
  publisher = {Hvězdárna Valašské Meziříčí},
  year = {2010},
  editor = {Lenža, Libor},
  author = {Kulhánek, Petr},
  date = {15. srpen},
  maintitle = {Moderní kosmologie},
  owner = {Jaroslav Fait},
  pagetotal = {64},
  subtitle = {aneb Jak přednášet o kosmologii?},
  timestamp = {2012.01.15},
  url = {http://www.aldebaran.cz/download/Kosmologie.pdf}
}

@BOOK{Kulhanek2009,
  title = {Astrofyzika v příkladech},
  publisher = {FEL ČVUT},
  year = {2009},
  editor = {FEL ČVUT},
  author = {Kulhánek, Petr and Červenka, Milan},
  owner = {Jaroslav Fait},
  pagetotal = {87},
  timestamp = {2012.03.19}
}

@BOOK{Meyer1978,
  title = {Úvod do teorie elektrických obvodů},
  publisher = {SNTL Praha},
  year = {1978},
  author = {Meyer, Daniel},
  abstract = {elektrické obvody, analýza, syntéza, modelování},
  timestamp = {2014.02.21}
}

@book{Musilova2009MA1,
  title={Matematika I: pro porozumnění i praxi : netradiční výklad tradičních témat vysokoškolské matematiky},
  author={Musilová, J. and Musilová, P.},
  isbn={978-80-214-3631-2},
  url={http://books.google.fr/books?id=vH5lQwAACAAJ},
  year={2009},
  pages={339},
  publisher={VUTIUM}
}

@book{Musilova2012MA2,
  title={Matematika II: pro porozumnění i praxi : netradiční výklad tradičních témat vysokoškolské  
  matematiky},
  author={Musilová, J. and Musilová, P.},
  isbn={978-80-214-4071-5},
  year={2012},
  pages={341},
  publisher={VUTIUM}
}

@BOOK{Okrouhlik,
  title = {Kmitání s MATLABEM},
  publisher = {Nakladatelství ČVUT},
  year = {2002},
  author = {Stejskal, Vladimír and Okrouhlík, Miloslav},
  pages = {376},
  address = {Praha},
  isbn = {80-01-02435-0},
  timestamp = {2012.05.04}
}

@BOOK{Pinker2004,
  title = {Mikroprocesory a mikropočítače},
  publisher = {Nakladatelství BEN},
  year = {2004},
  author = {Pinker, Jiří},
  pages = {160},
  address = {Praha},
  abstract = {Obecné principy konstrukce současných mikroprocesoru a mikropočítačů},
  isbn = {80-7300-110-1},
  timestamp = {2012.05.03}
}

@BOOK{Pinker2006,
  title = {Číslicové systémy a jazyk VHDL},
  publisher = {Nakladatelství BEN},
  year = {2006},
  author = {Pinker, Jiří and Poupa, Maritn},
  isbn = {80-7300-198-5},
  owner = {Jaroslav Fait},
  page = {352},
  timestamp = {2012.01.24}
}

@BOOK{Koucky1997,
  title = {Analogové elektronické systémy},
  publisher = {ZCU Plzeň},
  year = {1997},
  author = {Koucký, Václav and Pinker, Jiří},
  isbn = {80-7082-389-5},
  pagetotal = {247},
  timestamp = {2014.08.31}
}

@BOOK{Dolecek2009,
  title = {Moderní učebnice elektroniky 6. díl - Kmitočtové filtry, generátory signálů a převodníky dat},
  publisher = {BEN},
  year = {2009},
  author = {Doleček, Jaroslav},
  isbn = {978-80-7300-240-4},
  pagetotal = {259},
  timestamp = {2014.08.31}
}

@BOOK{Podlesak1994,
  title = {Spínací a číslicová technika},
  publisher = {ČVUT},
  year = {1994},
  author = {Podlešák, Jiří and Skalický, Petr},
  owner = {Jarda},
  timestamp = {2012.06.02}
}

@BOOK{PolakMA1,
  title = {Matematická analýza I},
  publisher = {ZČU - FAV},
  year = {1998},
  author = {Polák, Josef},
  isbn = {80-7082-466-2},
  owner = {Jaroslav Fait},
  timestamp = {2011.09.07}
}

@BOOK{Hanus2002,
  title = {Vysokofrekvenční technika a antény},
  publisher = {VUT Brno},
  year = {2002},
  author = {Hanus, Stanislav and Riada, Zbyňek},
  pages = {170},
  timestamp = {2012.11.13}
}

@BOOK{Rizzoni2003,
  title = {Principles And Applications Of Electrical Engineering},
  publisher = {McGraw Hill},
  year = {2003},
  author = {Rizzoni, Giorgio},
  pages = {956},
  booktitle = {Power},
  isbn = {0072463473},
  timestamp = {2012.05.10}
}

@BOOK{Schildt,
  title = {Nauč se sám C++},
  publisher = {SoftPress},
  year = {2001},
  author = {Schildt, Herbert},
  pages = {624},
  address = {Praha},
  edition = {1},
  abstract = {Kniha je psána naprosto jasně a pochopitelně s patřičnou pozorností
    pro detaily. Začíná u základů a zahrnuje všechny podstatné rysy;
    zabývá se rovněž některými pokročilými rysy jazyka. Vše je souběžně
    dokumentováno množstvím praktických příkladů. Získané znalosti se
    průběžně ověřují a pokroky si lze ověřovat i na mnoha praktických
    cvičeních jejichž, řešení jsou uvedena v příloze na konci knihy.
    
    Třetí vydání této programátorské příručky je aktualizováno a významně
    rozšířeno s ohledem na nové prvky jazyka C++, jako jsou prostory
    jmen, s dynamická identifikace typů, operátory přetypování a knihovna
    šablon STL (Standard Template Library).
    
    Pro programátory, kteří přecházejí z jazyka C do C++, nebo i pro zkušené
    programátory C++, kteří hledají popis nových prvků jazyka, je to
    opravdu ten nejlepší způsob získání informací.},
  isbn = {80-86497-13-5},
  owner = {Jaroslav Fait},
  timestamp = {2011.07.17}
}

@BOOK{Sebesta,
  title = {Signály a soustavy},
  year = {2010},
  author = {Šebesta, Vladimír and Smékal, Zdeněk},
  pages = {155},
  address = {Brno},
  publisher = {VUT Brno},
  abstract = {Periodický signál; signály se spojiitým spektrem; systémy se spojitým
    čásem; náhodné signály se spojitým časem; analogové a číslicové signály;
    signály s diskrétním časem; diskrétní fourierova transformace; náhodné
    signály s diskrétním časem; systémy s diskrétním časem; sdělovací
    soustava a její charakteristiky; signály pro přenos v přelořženém
    pásmu},
  howpublished = {skripta},
  language = {česky},
  organization = {VUT Brno - Fakulta elektrotechniky a komunikačních tecnologií},
  owner = {Jaroslav Fait},
  timestamp = {2011.06.28}
}

@BOOK{Slavik,
  title = {Řešené příklady z fyziky - klasická fyzika},
  publisher = {ZČU Plzeň},
  year = {2002},
  author = {Slavík, Jan},
  pages = {233},
  edition = {4},
  timestamp = {2012.05.02}
}

@BOOK{Stastny2010,
  title = {FPGA prakticky - Realizace číslicových systémů pro programovatelná
    hradlová pole},
  publisher = {BEN - technická literatura},
  year = {2010},
  author = {Šťastný, Jakub},
  edition = {1. vydání},
  owner = {Jarda},
  timestamp = {2012.05.31}
}

@BOOK{Rektorys1963,
  title = {Přehled užité matematiky},
  publisher = {SNTL},
  year = {1963},
  author = {Rektorys, Karel},
  edition = {1. vydání},
  owner = {Jarda},
  timestamp = {2013.09.13}
}

@INBOOK{Stoll,
  pages = {228},
  title = {Mechanika},
  publisher = {Nakladatelství ČVUT},
  year = {1995},
  author = {Štoll, Ivan},
  address = {Praha},
  booktitle = {Mechanika},
  timestamp = {2012.06.02}
}

@BOOK{PLD_Grada,
  title = {Programovatelná logická pole},
  publisher = {Grada Publishing, spol. s.r.o.},
  year = {1993},
  author = {Líška, Miroslav and Šula, Vladimír and Strelec, Josef},
  pages = {456},
  isbn = {80-85623-26-9},
  owner = {Jaroslav Fait},
  timestamp = {2011.10.27}
}

@ARTICLE{AN643SiliconLabs,
  author = {Silicon Labs},
  title = {AN643 - Si446x/Si4362 RX LNA Matching},
  journal = {Application manual},
  year = {2001},
  pages = {26}
}

@ARTICLE{AN648SiliconLabs,
  author = {Silicon Labs},
  title = {AN648 - Si4063/Si4463/64 TX Matching},
  journal = {Application manual},
  year = {2001},
  pages = {34}
}

@ARTICLE{IEEEStearns2001,
  author = {Stephen, D. Stearns},
  title = {Mysteries of the Smith Chart: Transmission Lines, Impedance Matching, and Little Known Facts},
  journal = {IEEE presentation},
  year = {2001},
  pages = {81}
}

@ARTICLE{SLUA119,
  author = {Mammano, Robert},
  title = {Switching Power Supply Topology Voltage Mode vs. Current Mode},
  journal = {Unitrode},
  year = {1999},
  volume = {DN-62},
  pages = {4},
  timestamp = {2011.08.17},
  type = {Design notes}
}

@BOOK{Mayer2001,
  title = {Teorie elektromagnetického pole},
  publisher = {Západočeská univerzita v Plzni},
  year = {2001},
  editor = {Benešová, Zdeňka},
  author = {Mayer, Daniel},
  owner = {Jaroslav Fait},
  pagetotal = {355},
  timestamp = {2012.01.15}
}

@BOOK{Mayer1975,
  title = {Úvod do teorie elektrických obvodů},
  publisher = {Západočeská univerzita v Plzni},
  year = {1975},
  author = {Mayer, Daniel},
  owner = {Jaroslav Fait},
  pagetotal = {355},
  timestamp = {2012.10.29}
}

@BOOK{Roubal2011,
  title = {Regulační technika v příkladech},
  publisher = {Nakladatelství BEN},
  year = {2011},
  author = {Roubal, Jiří and Hušek, Petr},
  pagetotal = {301},
  url={http://librarian/stable.php?id=435},
  timestamp = {2015.05.20}
}

@ARTICLE{DS41285A,
  author = {Microchip},
  title = {3V Tips ‘n Tricks},
  journal = {Microchip},
  year = {2006},
  volume = {DS41285A},
  pages = {56},
  owner = {Jarda},
  timestamp = {2012.12.20}
}

@ARTICLE{MosnaMA3,
  author = {Mošna, František},
  title = {Řešené příklady z Matematiky III},
  journal = {XXX},
  year = {2007},
  month = {October},
  note = {příklady},
  owner = {Jaroslav Fait},
  timestamp = {2011.11.05}
}

@BOOK{Musil2002,
  title = {Návrh digitálních integrovaných obvodů a jazyk VHDL},
  publisher = {VUT Brno},
  year = {2002},
  editor = {VUT Brno},
  author = {Musil, Vladislav and Kolouch, Jaromír and Prokop, Roman},
  owner = {Jaroslav Fait},
  timestamp = {2012.12.20}
}

@ARTICLE{DN100,
  author = {Nelson, Carl},
  title = {Dual Output Regulator Uses Only One Inductor},
  journal = {Linear Technology},
  year = {2008},
  volume = {DN-100},
  pages = {6},
  timestamp = {2011.09.15},
  url = {http://cds.linear.com/docs/Design Note/dn100.pdf}
}

@BOOK{Neumann,
  title = {Elektronické obvody a funkční bloky 2},
  publisher = {Vydavatelství ČVUT},
  year = {2001},
  author = {Neumann, Přemek and Uhlíř, Jan},
  pages = {269},
  address = {Praha},
  abstract = {Elektronické analogové a analogově číslicové funkční bloky, vnitřní
    struktury analogových funkčních bloků, obvody integrovaných logických
    členů, operační sítě, fázové závěsy},
  isbn = {80-01-02394-X},
  timestamp = {2010.04.15}
}

@BOOK{Patocka,
  title = {Napájení elektronických zařízení},
  publisher = {VUT Brno},
  year = {1999},
  editor = {Vysoké učení technické, Fakulta elektrotechniky a komunikačních technologií,
    Ústav radioelektroniky},
  author = {Novotný, Vlastislav and Vorel, Pavel and Patočka, Miroslav},
  pages = {139},
  address = {Brno},
  abstract = {Autonomní způsoby napájení (články primární a sekundární), Zvláštní
    zdroje energie (palivové články, fotovoltaické články, termoelektrické
    články, atomové články), Neřízené usměrňovače s nesetrvačnou i setrvačnou
    zátěží, Stabilizace střídavého výkonu, Lineární stabilizátory nelineární
    a lineární, Lineární stabilizátory proudu, Impulzní stabilizátory,
    snižující měnič, Zvyšující,invertující a Čukův měnič, Impulzní regulované
    napájecí zdroje - úvod, Propustný měnič, můstkový měnič, Blokující
    měnič, měniče rezonanční, Materiálové problémy impulzních zdrojů,
    Referenční zdroje},
  isbn = {8021423005, 9788021423008},
  mendeley-tags = {Skripta},
  origlanguage = {Czech},
  timestamp = {2009.04.07}
}

@BOOK{Patocka2,
  title = {Řídicí elektronika - pasivní obvody 1.díl},
  publisher = {VUT Brno},
  year = {2004},
  author = {Patočka, Miroslav and Vorel, Pavel},
  volume = {1},
  pages = {106},
  comment = {skripta},
  owner = {Jaroslav Fait},
  timestamp = {2011.10.08}
}

@BOOK{Patocka3,
  title = {Řídicí elektronika - pasivní obvody 2.díl},
  publisher = {VUT Brno},
  year = {2004},
  author = {Patočka, Miroslav and Vorel, Pavel},
  volume = {2},
  pages = {154},
  owner = {Jaroslav Fait},
  timestamp = {2011.10.08}
}

@book{Patocka4,
  title={Magnetické jevy a obvody ve výkonové elektronice, měřicí technice a silnoproudé elektrotechnice},
  author={Patočka, Miroslav},
  isbn={9788021440036},
  url={http://books.google.cz/books?id=FitaMwEACAAJ},
  year={2011},
  pages = {564},
  publisher={VUTIUM}
}

@BOOK{Trnka1972,
  title = {Teoretická elektrotechnika},
  publisher = {Nakladatelství technické literatury Praha},
  year = {1972},
  author = {Trnka, Zdeněk},
  pages = {410},
  owner = {Jaroslav Fait},
  pagetotal = {410},
  timestamp = {2012.03.19}
}

@BOOK{Sovka2002,
  title = {Číslicové zpracování signálů},
  publisher = {Nakladatelství ČVUT},
  year = {2002},
  author = {Uhlíř, Jan and Sovka, Pavel},
  pages = {327},
  abstract = {Číslicové zpracování signálů, signály, MATLAB},
  isbn = {80-01-02613-2},
  timestamp = {2012.05.03}
}

@BOOK{Suchanek1980,
  title = {Silnoproudá elektrotechnika v automatizi},
  publisher = {SNTL Praha},
  year = {1980},
  author = {Suchánek, Vladimír},
  pages = {335},
  edition = {2. vydání},  
  timestamp = {2012.05.26}
}

@ARTICLE{SLUA110,
  author = {Unitrode},
  title = {Practical Considerations in Current Mode Power Supplies},
  journal = {Unitrode},
  year = {1999},
  volume = {U-111},
  pages = {19},
  timestamp = {2012.06.01},
  type = {Design notes}
}

@BOOK{Zahlava2001,
  title = {Elektronika součástky a obvody, principy a příklady},
  publisher = {Grada Publishing, spol. s.r.o.},
  year = {2001},
  author = {Vobecký, Jan and Záhlava, Vít},
  pages = {192},
  address = {Praha},
  edition = {2. vydání},
  isbn = {80-7169-884-9},
  timestamp = {2012.05.30}
}

@BOOK{Zahlava2005,
  title = {Návrh a konstrukce desek plošných spojů},
  publisher = {ČVUT},
  year = {2005},
  author = {Záhlava, Vít},
  pages = {79},
  address = {Praha},
  edition = {2. vydání},
  timestamp = {2017.07.14},
  url = {http://librarian/stable.php?id=105}
}

@book{Necasek1972,
author    = {Nečásek, Sláva},
title     = {Radiotechnika do kapsy},
year      = {1972},
pages     = {351},
publisher = {SNTL},
address   = {Praha},
url       = {http://librarian/stable.php?id=506}
}


@book{Ritchey2008,
  author    = {Ritchey, Lee W. and Zasio, John and Knack, Kella J.},
  title     = {Right the first time - A practical handbook on high-speed {PCB} and system
              design},
  year      = {2008},
  pages     = {639},
  url       = {http://librarian/stable.php?id=352}
}

@TECHREPORT{Bennett,
  author = {Bennet, W.R.},
  title = {Spectra of Quantized Signals},
  institution = {Bell Labs},
  year = {1948},
  type = {Bell System Technical Journal},
  month = {July},
  owner = {Jaroslav Fait},
  timestamp = {2011.06.27}
}

@BOOK{Wakerly1999,
  title = {Digital Design Principles and Practices},
  publisher = {PRENTICE HALL},
  year = {1999},
  author = {Wakerly, John F.},
  pages = {830},
  isbn = {0-13-173349-4},
  owner = {Jaroslav Fait},
  timestamp = {2012.02.25},
  url = {http://www.genie53.com/digital_design-third_edition.pdf}
}

@BOOK{ZaludRA,
  title = {Moderní radioelektronika},
  publisher = {BEN},
  year = {2000},
  author = {Žalud, Václav},
  isbn = {80-86056-47-3},
  timestamp = {2014.04.11}
}

@BOOK{Zehnula1983,
  title = {Snímače neelektrických veličin},
  publisher = {SNTL},
  year = {1983},
  author = {Zehnula, Karel},
  pages = {372},
  owner = {Jaroslav Fait},
  timestamp = {2012.07.28}
}

@BOOK{Burkhard2003,
  title = {C pro mikrokontroléry},
  publisher = {BEN},
  year = {1983},
  author = {Mann, Burkhard},
  pages = {280},
  owner = {Jaroslav Fait},
  isbn = {80-7300-077-6},
  url = {http://localhost/stable.php?id=525},
  timestamp = {2012.07.28}
}

@ARTICLE{ZindulkaMA3,
  author = {Zindulka, Ondřej},
  title = {Matematika 3},
  journal = { },
  year = {2007},
  pages = {155},
  owner = {Jaroslav Fait},
  timestamp = {2011.11.05},
  url = {http://mat.fsv.cvut.cz/zindulka/default_en.html}
}

@ARTICLE{Zidek-2002-ID60,
  author = {Žídek, Jan},
  title = {Grafické programování ve vývojovém prostředí LabVIEW},
  journal = { },
  year = {2002},
  pages = {215},
  owner = {Jaroslav Fait},
  timestamp = {2013.07.20}
}

@ARTICLE{Kodovsky2011,
  author = {Kodovsku, Jeff},
  title = {Jeff Kodovsky Predicts an Exciting Future for LabVIEW},
  journal = {NI-Instrumentation Newsletter 1396},
  year = {2011},
  pages = {2},
  owner = {Jaroslav Fait},
  timestamp = {2013.07.20}
}

@ARTICLE{Brzobohaty2002,
  author = {Brzobohatý, Jaromír and Musil, Vladislav and Bajer, Arnošt and Boušek, Jaroslav},
  title = {Elektronické součástky},
  institution = {VUT Brno},
  year = {2002},
  owner = {Jaroslav Fait},
  timestamp = {2013.07.20},
  url = {f:\Library\KAE_Katedra_Aplikovane_Elektroniky\ES\VUT_BRNO_Elektronicke_soucastky.pdf}
}