%               ██╗   ██╗ ██████╗ ██╗   ██╗████████╗██╗   ██╗██████╗ ███████╗
%               ╚██╗ ██╔╝██╔═══██╗██║   ██║╚══██╔══╝██║   ██║██╔══██╗██╔════╝
%                ╚████╔╝ ██║   ██║██║   ██║   ██║   ██║   ██║██████╔╝█████╗  
%                 ╚██╔╝  ██║   ██║██║   ██║   ██║   ██║   ██║██╔══██╗██╔══╝  
%                  ██║   ╚██████╔╝╚██████╔╝   ██║   ╚██████╔╝██████╔╝███████╗
%                  ╚═╝    ╚═════╝  ╚═════╝    ╚═╝    ╚═════╝ ╚═════╝ ╚══════╝
% https://tex.stackexchange.com/questions/258522/how-to-cite-a-speech-only-available-as-a-youtube-video                                              

@online{LLionTVESR,
    title = {Einsteinova speciální relativita},
    date = {2015},
    organization = {Youtube - LLionTV},
    author = {Jiří Podolský},
    url = {https://www.youtube.com/watch?v=B0c3tAYuV9s&t=1499s},
}